@STRING{geom    = {Geomorphology} }
@STRING{ijc     = {Int. J. Climatol.} }
@STRING{jgl     = {J. Glaciol.} }
@STRING{jm      = {J. Maps} }
@STRING{n       = {Nature} }
@STRING{nc      = {Nature Communications} }
@STRING{po      = {Paleoceanography} }
@STRING{qjrms   = {Q. J. Roy. Meteor. Soc.} }
@STRING{qsr     = {Quaternary Sci. Rev.} }
@STRING{s       = {Science} }
@STRING{tc      = {The Cryosphere} }

@Article{Aschwanden.etal.2012,
  author    = {A. Aschwanden and E. Bueler and C. Khroulev and H. Blatter},
  title     = {An enthalpy formulation for glaciers and ice sheets},
  journal   = jgl,
  volume    = 58,
  number    = 209,
  pages     = {441-457},
  year      = 2012,
  doi       = {10.3189/2012JoG11J088}
}

@Article{Cook.etal.2020,
  author    = {Simon J. Cook and Darrel A. Swift and Martin P. Kirkbride and
              Peter G. Knight and Richard I. Waller},
  title     = {The empirical basis for modelling glacial erosion rates},
  journal   = nc,
  volume    = {11},
  number    = {1},
  year      = 2020,
  doi       = {10.1038/s41467-020-14583-8}
}

@Article{Dee.etal.2011,
  author    = {Dee, D. P. and Uppala, S. M. and Simmons, A. J. and Berrisford,
              P. and Poli, P. and Kobayashi, S. and Andrae, U. and Balmaseda,
              M. A. and Balsamo, G. and Bauer, P. and Bechtold, P. and
              Beljaars, A. C. M. and van de Berg, L. and Bidlot, J. and
              Bormann, N. and Delsol, C. and Dragani, R. and Fuentes, M. and
              Geer, A. J. and Haimberger, L. and Healy, S. B. and Hersbach, H.
              and H\'{o}lm, E. V. and Isaksen, L. and K{\aa}llberg, P. and
              K\"{o}hler, M. and Matricardi, M. and McNally, A. P. and
              Monge-Sanz, B. M. and Morcrette, J.-J. and Park, B.-K. and
              Peubey, C. and de Rosnay, P. and Tavolato, C. and Th\'{e}paut,
              J.-N. and Vitart, F.},
  title     = {The ERA-Interim reanalysis: configuration and performance of the
              data assimilation system},
  journal   = qjrms,
  volume    = 137,
  number    = 656,
  pages     = {553-597},
  year      = 2011,
  doi       = {10.1002/qj.828}
}

@Article{Fu.etal.2012,
  author    = {Ping Fu and Jakob Heyman and Clas HÃ¤ttestrand and Arjen P.
              Stroeven and Jonathan M. Harbor},
  title     = {Glacial geomorphology of the Shaluli Shan area, southeastern
              Tibetan Plateau},
  journal   = jm,
  volume    = {8},
  number    = {1},
  pages     = {48--55},
  year      = 2012,
  doi       = {10.1080/17445647.2012.668762}
}

@Article{Herman.etal.2015,
  author    = {F. Herman and O. Beyssac and M. Brughelli and S. N. Lane and S.
              Leprince and T. Adatte and J. Y. Y. Lin and J.-P. Avouac and S.
              C. Cox},
  title     = {Erosion by an Alpine glacier},
  journal   = s,
  volume    = {350},
  number    = {6257},
  pages     = {193--195},
  year      = {2015},
  doi       = {10.1126/science.aab2386}
}

@Article{Hijmans.etal.2005,
  author    = {Robert J. Hijmans and Susan E. Cameron and Juan L. Parra and
              Peter G. Jones and Andrew Jarvis},
  title     = {Very high resolution interpolated climate surfaces for global
              land areas},
  journal   = ijc,
  volume    = 25,
  pages     = {1965-1978},
  year      = 2005,
  doi       = {10.1002/joc.1276}
}

@Article{Huybrechts.2002,
  author    = {Philippe Huybrechts},
  title     = {Sea-level changes at the {LGM} from ice-dynamic reconstructions
              of the {G}reenland and {A}ntarctic ice sheets during the glacial
              cycles},
  journal   = qsr,
  volume    = {21},
  number    = {1-3},
  pages     = {203--231},
  year      = {2002},
  doi       = {10.1016/s0277-3791(01)00082-8}
}

@Article{Imhof.etal.2019,
  author    = {Michael A. Imhof and Denis Cohen and Julien Seguinot and Andy
              Aschwanden and Martin Funk and Guillaume Jouvet},
  title     = {Modelling a paleo valley glacier network using a hybrid model:
              an assessment with a Stokes ice flow model},
  journal   = jgl,
  volume    = {65},
  number    = {254},
  pages     = {1000--1010},
  year      = 2019,
  doi       = {10.1017/jog.2019.77}
}

@Article{Jouzel.etal.2007,
  author    = {J. Jouzel and V. Masson-Delmotte and O. Cattani and G. Dreyfus
              and S. Falourd and G. Hoffmann and B. Minster and J. Nouet and J.
              M. Barnola and J. Chappellaz and H. Fischer and J. C. Gallet and
              S. Johnsen and M. Leuenberger and L. Loulergue and D. Luethi and
              H. Oerter and F. Parrenin and G. Raisbeck and D. Raynaud and A.
              Schilt and J. Schwander and E. Selmo and R. Souchez and R. Spahni
              and B. Stauffer and J. P. Steffensen and B. Stenni and T. F.
              Stocker and J. L. Tison and M. Werner and E. W. Wolff},
  title     = {Orbital and Millennial {A}ntarctic Climate Variability over the
              Past 800,000 Years},
  journal   = s,
  volume    = {317},
  number    = {5839},
  pages     = {793-796},
  year      = {2007},
  note      = {Data archived at the World Data Center for Paleoclimatology,
              Boulder, Colorado, USA.},
  doi       = {10.1126/science.1141038}
}

@Article{Kleman.1994,
  author    = {Johan Kleman},
  title     = {Preservation of landforms under ice sheets and ice caps},
  journal   = geom,
  volume    = {9},
  number    = {1},
  pages     = {19-32},
  year      = {1994},
  doi       = {10.1016/0169-555x(94)90028-0}
}

@Article{Koppes.etal.2015,
  author    = {Mich{\'{e}}le Koppes and Bernard Hallet and Eric Rignot and
              J{\'{e}}r{\'{e}}mie Mouginot and Julia Smith Wellner and
              Katherine Boldt},
  title     = {Observed latitudinal variations in erosion as a function of
              glacier dynamics},
  journal   = n,
  volume    = {526},
  number    = {7571},
  pages     = {100--103},
  year      = 2015,
  doi       = {10.1038/nature15385}
}

@Article{Lisiecki.Raymo.2005,
  author    = {Lorraine E. Lisiecki and Maureen E. Raymo},
  title     = {A {P}liocene-{P}leistocene stack of 57 globally distributed
              benthic $\delta^{18}${O} records},
  journal   = po,
  volume    = {20},
  pages     = {PA1003},
  year      = 2005,
  doi       = {10.1029/2004pa001071}
}

@Article{Margold.etal.2011,
  author    = {Margold, Martin and Jansson, Krister N. and Kleman, Johan and
              Stroeven, Arjen P.},
  title     = {Glacial meltwater landforms of central {B}ritish {C}olumbia},
  journal   = jm,
  volume    = 7,
  number    = 1,
  pages     = {486-506},
  year      = 2011,
  doi       = {10.4113/jom.2011.1205}
}

@Article{Seguinot.etal.2016,
  author    = {Seguinot, J. and Rogozhina, I. and Stroeven, A. P. and Margold,
              M. and Kleman, J.},
  title     = {Numerical simulations of the {C}ordilleran ice sheet through the
              last glacial cycle},
  journal   = tc,
  volume    = {10},
  number    = {2},
  pages     = {639--664},
  year      = {2016},
  doi       = {10.5194/tc-10-639-2016}
}

@Article{Seguinot.etal.2018,
  author    = {Julien Seguinot and Susan Ivy-Ochs and Guillaume Jouvet and
              Matthias Huss and Martin Funk and Frank Preusser},
  title     = {Modelling last glacial cycle ice dynamics in the {A}lps},
  journal   = tc,
  volume    = {12},
  number    = {10},
  pages     = {3265--3285},
  year      = 2018,
  doi       = {10.5194/tc-12-3265-2018}
}

@Article{Wirsig.etal.2016,
  author    = {Christian Wirsig and Jerzy Zasadni and Marcus Christl and Naki
              Ak{\c{c}}ar and Susan Ivy-Ochs},
  title     = {Dating the onset of {LGM} ice surface lowering in the High
              Alps},
  journal   = qsr,
  volume    = {143},
  pages     = {37--50},
  year      = {2016},
  doi       = {10.1016/j.quascirev.2016.05.001},
  url       = {https://doi.org/10.1016/j.quascirev.2016.05.001},
  month     = {jul},
  publisher = {Elsevier {BV}}
}

@Misc{PISM-authors.2017,
  author    = {the PISM authors},
  title     = {{PISM}, a~{P}arallel {I}ce {S}heet {M}odel},
  url       = {http://www.pism-docs.org},
  year      = 2017
}

@Misc{Seguinot.2020,
  author    = {Julien Seguinot},
  title     = {Alpine ice sheet glacial cycle simulations aggregated
              variables},
  howpublished={Zenodo},
  year      = 2020,
  doi       = {10.5281/zenodo.3604174}
}

@Misc{Seguinot.2020a,
  author    = {Julien Seguinot},
  title     = {Alpine ice sheet glacial cycle simulations continuous
              variables},
  howpublished={Zenodo},
  year      = 2020,
  doi       = {10.5281/zenodo.3604142}
}

@Article{Aschwanden.etal.2012,
  author    = {A. Aschwanden and E. Bueler and C. Khroulev and H. Blatter},
  title     = {An enthalpy formulation for glaciers and ice sheets},
  journal   = jgl,
  volume    = 58,
  number    = 209,
  pages     = {441-457},
  year      = 2012,
  doi       = {10.3189/2012JoG11J088}
}

@Article{Cook.etal.2020,
  author    = {Simon J. Cook and Darrel A. Swift and Martin P. Kirkbride and
              Peter G. Knight and Richard I. Waller},
  title     = {The empirical basis for modelling glacial erosion rates},
  journal   = nc,
  volume    = {11},
  number    = {1},
  year      = 2020,
  doi       = {10.1038/s41467-020-14583-8}
}

@Article{Dee.etal.2011,
  author    = {Dee, D. P. and Uppala, S. M. and Simmons, A. J. and Berrisford,
              P. and Poli, P. and Kobayashi, S. and Andrae, U. and Balmaseda,
              M. A. and Balsamo, G. and Bauer, P. and Bechtold, P. and
              Beljaars, A. C. M. and van de Berg, L. and Bidlot, J. and
              Bormann, N. and Delsol, C. and Dragani, R. and Fuentes, M. and
              Geer, A. J. and Haimberger, L. and Healy, S. B. and Hersbach, H.
              and H\'{o}lm, E. V. and Isaksen, L. and K{\aa}llberg, P. and
              K\"{o}hler, M. and Matricardi, M. and McNally, A. P. and
              Monge-Sanz, B. M. and Morcrette, J.-J. and Park, B.-K. and
              Peubey, C. and de Rosnay, P. and Tavolato, C. and Th\'{e}paut,
              J.-N. and Vitart, F.},
  title     = {The ERA-Interim reanalysis: configuration and performance of the
              data assimilation system},
  journal   = qjrms,
  volume    = 137,
  number    = 656,
  pages     = {553-597},
  year      = 2011,
  doi       = {10.1002/qj.828}
}

@Article{Fu.etal.2012,
  author    = {Ping Fu and Jakob Heyman and Clas HÃ¤ttestrand and Arjen P.
              Stroeven and Jonathan M. Harbor},
  title     = {Glacial geomorphology of the Shaluli Shan area, southeastern
              Tibetan Plateau},
  journal   = jm,
  volume    = {8},
  number    = {1},
  pages     = {48--55},
  year      = 2012,
  doi       = {10.1080/17445647.2012.668762}
}

@Article{Herman.etal.2015,
  author    = {F. Herman and O. Beyssac and M. Brughelli and S. N. Lane and S.
              Leprince and T. Adatte and J. Y. Y. Lin and J.-P. Avouac and S.
              C. Cox},
  title     = {Erosion by an Alpine glacier},
  journal   = s,
  volume    = {350},
  number    = {6257},
  pages     = {193--195},
  year      = {2015},
  doi       = {10.1126/science.aab2386}
}

@Article{Hijmans.etal.2005,
  author    = {Robert J. Hijmans and Susan E. Cameron and Juan L. Parra and
              Peter G. Jones and Andrew Jarvis},
  title     = {Very high resolution interpolated climate surfaces for global
              land areas},
  journal   = ijc,
  volume    = 25,
  pages     = {1965-1978},
  year      = 2005,
  doi       = {10.1002/joc.1276}
}

@Article{Huybrechts.2002,
  author    = {Philippe Huybrechts},
  title     = {Sea-level changes at the {LGM} from ice-dynamic reconstructions
              of the {G}reenland and {A}ntarctic ice sheets during the glacial
              cycles},
  journal   = qsr,
  volume    = {21},
  number    = {1-3},
  pages     = {203--231},
  year      = {2002},
  doi       = {10.1016/s0277-3791(01)00082-8}
}

@Article{Imhof.etal.2019,
  author    = {Michael A. Imhof and Denis Cohen and Julien Seguinot and Andy
              Aschwanden and Martin Funk and Guillaume Jouvet},
  title     = {Modelling a paleo valley glacier network using a hybrid model:
              an assessment with a Stokes ice flow model},
  journal   = jgl,
  volume    = {65},
  number    = {254},
  pages     = {1000--1010},
  year      = 2019,
  doi       = {10.1017/jog.2019.77}
}

@Article{Jouzel.etal.2007,
  author    = {J. Jouzel and V. Masson-Delmotte and O. Cattani and G. Dreyfus
              and S. Falourd and G. Hoffmann and B. Minster and J. Nouet and J.
              M. Barnola and J. Chappellaz and H. Fischer and J. C. Gallet and
              S. Johnsen and M. Leuenberger and L. Loulergue and D. Luethi and
              H. Oerter and F. Parrenin and G. Raisbeck and D. Raynaud and A.
              Schilt and J. Schwander and E. Selmo and R. Souchez and R. Spahni
              and B. Stauffer and J. P. Steffensen and B. Stenni and T. F.
              Stocker and J. L. Tison and M. Werner and E. W. Wolff},
  title     = {Orbital and Millennial {A}ntarctic Climate Variability over the
              Past 800,000 Years},
  journal   = s,
  volume    = {317},
  number    = {5839},
  pages     = {793-796},
  year      = {2007},
  note      = {Data archived at the World Data Center for Paleoclimatology,
              Boulder, Colorado, USA.},
  doi       = {10.1126/science.1141038}
}

@Article{Kleman.1994,
  author    = {Johan Kleman},
  title     = {Preservation of landforms under ice sheets and ice caps},
  journal   = geom,
  volume    = {9},
  number    = {1},
  pages     = {19-32},
  year      = {1994},
  doi       = {10.1016/0169-555x(94)90028-0}
}

@Article{Koppes.etal.2015,
  author    = {Mich{\'{e}}le Koppes and Bernard Hallet and Eric Rignot and
              J{\'{e}}r{\'{e}}mie Mouginot and Julia Smith Wellner and
              Katherine Boldt},
  title     = {Observed latitudinal variations in erosion as a function of
              glacier dynamics},
  journal   = n,
  volume    = {526},
  number    = {7571},
  pages     = {100--103},
  year      = 2015,
  doi       = {10.1038/nature15385}
}

@Article{Lisiecki.Raymo.2005,
  author    = {Lorraine E. Lisiecki and Maureen E. Raymo},
  title     = {A {P}liocene-{P}leistocene stack of 57 globally distributed
              benthic $\delta^{18}${O} records},
  journal   = po,
  volume    = {20},
  pages     = {PA1003},
  year      = 2005,
  doi       = {10.1029/2004pa001071}
}

@Article{Margold.etal.2011,
  author    = {Margold, Martin and Jansson, Krister N. and Kleman, Johan and
              Stroeven, Arjen P.},
  title     = {Glacial meltwater landforms of central {B}ritish {C}olumbia},
  journal   = jm,
  volume    = 7,
  number    = 1,
  pages     = {486-506},
  year      = 2011,
  doi       = {10.4113/jom.2011.1205}
}

@Article{Seguinot.etal.2016,
  author    = {Seguinot, J. and Rogozhina, I. and Stroeven, A. P. and Margold,
              M. and Kleman, J.},
  title     = {Numerical simulations of the {C}ordilleran ice sheet through the
              last glacial cycle},
  journal   = tc,
  volume    = {10},
  number    = {2},
  pages     = {639--664},
  year      = {2016},
  doi       = {10.5194/tc-10-639-2016}
}

@Article{Seguinot.etal.2018,
  author    = {Julien Seguinot and Susan Ivy-Ochs and Guillaume Jouvet and
              Matthias Huss and Martin Funk and Frank Preusser},
  title     = {Modelling last glacial cycle ice dynamics in the {A}lps},
  journal   = tc,
  volume    = {12},
  number    = {10},
  pages     = {3265--3285},
  year      = 2018,
  doi       = {10.5194/tc-12-3265-2018}
}

@Article{Wirsig.etal.2016,
  author    = {Christian Wirsig and Jerzy Zasadni and Marcus Christl and Naki
              Ak{\c{c}}ar and Susan Ivy-Ochs},
  title     = {Dating the onset of {LGM} ice surface lowering in the High
              Alps},
  journal   = qsr,
  volume    = {143},
  pages     = {37--50},
  year      = {2016},
  doi       = {10.1016/j.quascirev.2016.05.001},
  url       = {https://doi.org/10.1016/j.quascirev.2016.05.001},
  month     = {jul},
  publisher = {Elsevier {BV}}
}

@Misc{PISM-authors.2017,
  author    = {the PISM authors},
  title     = {{PISM}, a~{P}arallel {I}ce {S}heet {M}odel},
  url       = {http://www.pism-docs.org},
  year      = 2017
}

@Misc{Seguinot.2020,
  author    = {Julien Seguinot},
  title     = {Alpine ice sheet glacial cycle simulations aggregated
              variables},
  howpublished={Zenodo},
  year      = 2020,
  doi       = {10.5281/zenodo.3604174}
}

@Misc{Seguinot.2020a,
  author    = {Julien Seguinot},
  title     = {Alpine ice sheet glacial cycle simulations continuous
              variables},
  howpublished={Zenodo},
  year      = 2020,
  doi       = {10.5281/zenodo.3604142}
}
